@article{BKLPR15,
author = {Manjul Bhargava and Daniel Kane and Hendrik Lenstra and Bjorn Poonen and Eric Rains},
title = {Modelling the distribution of ranks, Selmer groups, and Shafarevich-Tate groups of elliptic curves},
year = {2015},
journal = {Camb. J. Math. 3},
}

@misc{BS13a,
author = {Manjul Bhargava and Arul Shankar},
title = {The average number of elements in the 4-Selmer groups of elliptic curves is 7},
year = {2013},
note = {Preprint, arXiv:1312.7333},
}

@misc{BS13b,
author = {Manjul Bhargava and Arul Shankar},
title = {The average size of the 5-Selmer group of elliptic curves is 6},
year = {2013},
note = {Preprint, arXiv:1312.7859},
}

@article{BS15a,
author = {Manjul Bhargava and Arul Shankar},
title = {Binary quartic forms having bounded invariants, and the boundedness of the average rank of elliptic curves},
year = {2015},
journal = {Ann. of Math. 181},
}

@article{BS15b,
author = {Manjul Bhargava and Arul Shankar},
title = {Ternary cubic forms having bounded invariants, and the existence of a positive proportion of elliptic curves having rank 0},
year = {2015},
journal = {Ann. of Math. 181},
}

@article{CFOSS06,
author = {John Cremona and Tom Fisher and Catherine O'Neil and Denis Simon and Michael Stoll},
title = {Explicit n-descent on elliptic curves I. Algebra},
year = {2006},
journal = {Math. Comp. 84},
}

@article{CL84,
author = {Henri Cohen and Hendrik Lenstra},
title = {Heuristics on class groups of number fields},
year = {1984},
journal = {Number theory, Noordwijkerhout},
}

@book{CSS97,
author = {Gary Cornell and Joseph Silverman and Glenn Stevens},
title = {Modular forms and Fermat's last theorem},
year = {1997},
publisher = {Springer-Verlag},
}

@article{CSS98,
author = {Jean-Louis Colliot-Thelene and Alexei Skorobogatov and Peter Swinnerton-Dyer},
title = {Hasse principle for pencils of curves of genus one whose Jacobians have rational 2-division points},
year = {1998},
journal = {Invent. Math. 134},
}

@article{Del01,
author = {Christophe Delaunay},
title = {Heuristics on Tate-Shafarevitch groups of elliptic curves defined over Q},
year = {2001},
journal = {Exp. Math. 10},
}

@article{Del07,
author = {Christophe Delaunay},
title = {Heuristics on class groups and on Tate-Shafarevich groups: the magic of the Cohen-Lenstra heuristics},
year = {2007},
journal = {London Math. Soc. Lecture Note Ser. 341},
}

@article{DKK08,
author = {Steven Dougherty and Jon-Lark Kim and Hamid Kulosman},
title = {MDS codes over finite principal ideal rings},
year = {2008},
journal = {Des. Codes Cryptogr. 50},
}

@misc{EK20,
author = {Noam Elkies and Zev Klagsbrun},
title = {New records for ranks of elliptic curves with torsion},
year = {2020},
note = {Preprint, arXiv:2003.00077},
}

@book{Fuc70,
author = {Laszlo Fuchs},
title = {Infinite abelian groups},
year = {1970},
publisher = {Academic Press},
}

@article{FW89,
author = {Eduardo Friedman and Lawrence Washington},
title = {On the distribution of divisor class groups of curves over a finite field},
year = {1989},
journal = {Theorie des nombres},
}

@article{GG18,
author = {Jean Gillibert and Pierre Gillibert},
title = {On the splitting of the Kummer exact sequence},
year = {2018},
journal = {Publications mathematiques de Besancon, algebre et theorie des nombres},
}

@article{GGGR19,
author = {Florence Gillibert and Jean Gillibert and Pierre Gillibert and Gabriele Ranieri},
title = {Selmer groups are intersection of two direct summands of the adelic cohomology},
year = {2019},
journal = {Bull. London Math. Soc. 51},
}

@book{Har77,
author = {Robin Hartshorne},
title = {Algebraic geometry},
year = {1977},
publisher = {Springer-Verlag},
}

@article{Kap58,
author = {Irving Kaplansky},
title = {Projective modules},
year = {1958},
journal = {Ann. of Math. 68},
}

@misc{Lan20,
author = {Aaron Landesman},
title = {The geometric average size of Selmer groups over function fields},
year = {2020},
note = {Preprint, arXiv:1811.00966},
}

@misc{Mil13,
author = {James Milne},
title = {Class field theory},
year = {2013},
note = {https://www.jmilne.org/math/CourseNotes/CFT.pdf},
}

@book{Mil06,
author = {James Milne},
title = {Arithmetic duality theorems},
year = {2006},
publisher = {BookSurge},
}

@book{Mum70,
author = {David Mumford},
title = {Abelian Varieties},
year = {1970},
publisher = {Oxford University Press},
}

@article{ONe01,
author = {Catherine O'Neil},
title = {The period-index obstruction for elliptic curves},
year = {2001},
journal = {J. Number Theory 95},
}

@misc{Poo17,
author = {Bjorn Poonen},
title = {Heuristics for the arithmetic of elliptic curves},
year = {2017},
journal = {J. Eur. Math. Soc},
}

@article{PPVW19,
author = {Jennifer Park and Bjorn Poonen and John Voight and Melanie Wood},
title = {A heuristic for boundedness of ranks of elliptic curves},
year = {2019},
journal = {J. Eur. Math. Soc},
}

@article{PR12,
author = {Bjorn Poonen and Eric Rains},
title = {Random maximal isotropic subspaces and Selmer groups},
year = {2012},
journal = {J. Amer. Math. Soc 25},
}

@book{Ser80,
author = {Jean-Pierre Serre},
title = {Local fields},
year = {1980},
publisher = {Springer-Verlag},
}

@book{Ser89,
author = {Jean-Pierre Serre},
title = {Lectures on the Mordell-Weil theorem},
year = {1989},
publisher = {Amer Mathematical Society},
}

@book{Sil94,
author = {Joseph Silverman},
title = {Advanced topics in the arithmetic of elliptic curves},
year = {1994},
publisher = {Springer-Verlag},
}

@book{Sil09,
author = {Joseph Silverman},
title = {The arithmetic of elliptic curves},
year = {2009},
publisher = {Springer-Verlag},
}

@misc{Sto10,
author = {Michael Stoll},
title = {Descent on elliptic curves},
year = {2010},
note = {arXiv:math/0611694},
}

@article{Zar74,
author = {Yuri Zarhin},
title = {Noncommutative cohomologies and Mumford groups},
year = {1974},
journal = {Mat. Zametki 15},
}

@misc{Zyw10,
author = {David Zywina},
title = {Hilbert's irreducibility Theorem and the Larger Sieve},
year = {2010},
note = {Preprint, arXiv:1011.6465},
}

@article{Zyw18,
author = {David Zywina},
title = {Elliptic curves with maximal Galois action on their torsion points},
year = {2018},
journal = {Bull. London Math. Soc. 42},
}